<record><leader>00000cas a22000007a 4500</leader><controlfield tag="001">17693666</controlfield><controlfield tag="008">880329d19811985iauwr ne      0    0eng d</controlfield><datafield ind1=" " ind2=" " tag="010"><subfield code="a">sn 88059525 </subfield></datafield><datafield ind1=" " ind2=" " tag="040"><subfield code="a">INP</subfield><subfield code="b">eng</subfield><subfield code="c">INP</subfield><subfield code="d">OCLCQ</subfield></datafield><datafield ind1=" " ind2=" " tag="042"><subfield code="a">msc</subfield></datafield><datafield ind1="0" ind2=" " tag="130"><subfield code="a">Press-gazette (De Witt, Iowa)</subfield></datafield><datafield ind1="1" ind2="4" tag="245"><subfield code="a">The press-gazette.</subfield></datafield><datafield ind1=" " ind2=" " tag="250"><subfield code="a">[National ed.].</subfield></datafield><datafield ind1=" " ind2=" " tag="260"><subfield code="a">[De Witt, Iowa] :</subfield><subfield code="b">DeWitt Observer Pub. Co.,</subfield><subfield code="c">1981-1985.</subfield></datafield><datafield ind1=" " ind2=" " tag="300"><subfield code="a">5 v.</subfield></datafield><datafield ind1=" " ind2=" " tag="310"><subfield code="a">Weekly</subfield></datafield><datafield ind1="0" ind2=" " tag="362"><subfield code="a">Vol. 1, no. 1 (June 4, 1981)-v. 5, no. 30 (Dec. 26, 1985).</subfield></datafield><datafield ind1=" " ind2=" " tag="500"><subfield code="a">Also issued in a "local" or "central" ed., consisting of national ed. and advertising supplements.</subfield></datafield><datafield ind1=" " ind2=" " tag="752"><subfield code="a">United States</subfield><subfield code="b">Iowa</subfield><subfield code="c">Clinton</subfield><subfield code="d">De Witt.</subfield></datafield><datafield ind1=" " ind2=" " tag="752"><subfield code="a">United States</subfield><subfield code="b">Iowa</subfield><subfield code="c">Clinton</subfield><subfield code="d">Wheatland.</subfield></datafield><datafield ind1=" " ind2=" " tag="752"><subfield code="a">United States</subfield><subfield code="b">Iowa</subfield><subfield code="c">Clinton</subfield><subfield code="d">Lost Nation.</subfield></datafield><datafield ind1="0" ind2="4" tag="780"><subfield code="t">Lost Nation press</subfield><subfield code="w">(DLC)sn 88059818</subfield></datafield><datafield ind1="0" ind2="4" tag="780"><subfield code="t">New Wheatland gazette</subfield><subfield code="w">(DLC)sn 88059524</subfield></datafield></record>